@book{article:mlambda,
  title      = {MLAMBDA: A modified LAMBDA method for integer least-squares estimation},
  author     = {X.-W. Chang, X. Yang, T. Zhou},
  url        = {https://www.researchgate.net/publication/225518977\_MLAMBDA\_a\_modified\_LAMBDA\_method\_for\_integer\_least-squares\_estimation},
  year       = {2005},
  publisher  = {Journal of Geodesy},
  eprint     = {https://www.researchgate.net/publication/225518977\_MLAMBDA\_a\_modified\_LAMBDA\_method\_for\_integer\_least-squares\_estimation},
  eprinttype = {Research Gate}
}


@book{article:lambda,
  title      = {The least-squares ambiguity decorrelation adjustment:
a method for fast GPS integer ambiguity estimation},
  author     = {P. J. G. Teunissen},
  url        = {https://www.researchgate.net/publication/226909388\_The\_least
  -squares\_ambiguity\_decorrelation\_adjustment\_Its\_performance\_on\_short\_GPS\_baselines\_and\_short\_observation\_spans},
  year       = {1995},
  publisher  = {Journal of Geodesy},
  eprint     = {https://www.researchgate.net/publication/226909388\_The\_least
  -squares\_ambiguity\_decorrelation\_adjustment\_Its\_performance\_on\_short\_GPS\_baselines\_and\_short\_observation\_spans},
  eprinttype = {Research Gate}
}

@book{article:ppp,
  title      = {Высокоточное местоопределение в глобальных навигационных спутниковых системах в абсолютном режиме за счёт разрешения неоднозначности псевдофазовых измерений},
  author     = {Подкорытов, Андрей Николаевич},
  year       = {2014},
  publisher  = {Моск. гос. авиац. ин-т}
}

@online{page:rtk,
  author       = "RTKLib",
  title        = "Library",
  howpublished = "An Open Source Program Package for GNSS Positioning",
  url          = {http://www.rtklib.com/},
  language     = "english"
}
